
@inproceedings{diller2012magnetic,
  Annote = {He can address different micro robots by making them out of materials with different hysteresis.  Need a coil system that can control gradients and orientation},
  Author = {Diller, Eric and Miyashita, Shuhei and Sitti, Metin},
  Booktitle = { IEEE/RSJ International Conference on Intelligent Robots and Systems (IROS)},
  Date-Added = {2014-11-20 22:25:58 +0000},
  Date-Modified = {2014-11-20 22:28:55 +0000},
  Organization = {IEEE},
  Pages = {2325--2331},
  Title = {Magnetic hysteresis for multi-state addressable magnetic microrobotic control},
  Year = {2012}}



@incollection{fischer2008mri,
	Author = {Fischer, Gregory S and Krieger, Axel and Iordachita, Iulian and Csoma, Csaba and Whitcomb, Louis L and Fichtinger, Gabor},
	Booktitle = {Medical Image Computing and Computer-Assisted Intervention--MICCAI 2008},
	Date-Added = {2014-02-05 18:27:17 +0000},
	Date-Modified = {2014-02-05 19:10:38 +0000},
	Pages = {509--517},
	Publisher = {Springer},
	Title = {{MRI} compatibility of robot actuation techniques--a comparative study},
	Year = {2008}}

@article{olson1995high,
  title={High-resolution microcoil 1H-NMR for mass-limited, nanoliter-volume samples},
  author={Olson, Dean L and Peck, Timothy L and Webb, Andrew G and Magin, Richard L and Sweedler, Jonathan V},
  journal={Science},
  volume={270},
  number={5244},
  pages={1967--1970},
  year={1995},
  publisher={American Association for the Advancement of Science}
}

@article{bulte2001magnetodendrimers,
  title={Magnetodendrimers allow endosomal magnetic labeling and in vivo tracking of stem cells},
  author={Bulte, Jeff WM and Douglas, Trevor and Witwer, Brian and Zhang, Su-Chun and Strable, Erica and Lewis, Bobbi K and Zywicke, Holly and Miller, Brad and van Gelderen, Peter and Moskowitz, Bruce M and others},
  journal={Nature biotechnology},
  volume={19},
  number={12},
  pages={1141--1147},
  year={2001},
  publisher={Nature Publishing Group}
}

@article{shapiro2006vivo,
  title={In vivo detection of single cells by MRI},
  author={Shapiro, Erik M and Sharer, Kathryn and Skrtic, Stanko and Koretsky, Alan P},
  journal={Magnetic Resonance in Medicine},
  volume={55},
  number={2},
  pages={242--249},
  year={2006},
notes={Cited by 300},
  publisher={Wiley Online Library}
}


@article{olamaei2013magnetic,
  title={Magnetic resonance imaging of microvessels using iron-oxide nanoparticles},
  author={Olamaei, N and Cheriet, F and Martel, S},
  journal={Journal of Applied Physics},
  volume={113},
  number={12},
  pages={124701},
  year={2013},
  publisher={AIP Publishing}
}

@inproceedings{olamaei2011accurate,
  title={Accurate positioning of magnetic microparticles beyond the spatial resolution of clinical MRI scanners using susceptibility artifacts},
  author={Olamaei, N and Cheriet, F and Martel, S},
  booktitle={Engineering in Medicine and Biology Society, EMBC, 2011 Annual International Conference of the IEEE},
  pages={2800--2803},
  year={2011},
  organization={IEEE}
}

@article{carroll2010experimental,
  title={Experimental validation of proton transverse relaxivity models for superparamagnetic nanoparticle MRI contrast agents},
  author={Carroll, Matthew RJ and Woodward, Robert C and House, Michael J and Teoh, Wey Yang and Amal, Rose and Hanley, Tracey L and St Pierre, Timothy G},
  journal={Nanotechnology},
  volume={21},
  number={3},
  pages={035103},
  year={2010},
  publisher={IOP Publishing}
}


@article{lodish2000muscle,
  title={Muscle: A Specialized Contractile Machine},
chapter={18.4},
edition={4},
url={http://www.ncbi.nlm.nih.gov/books/NBK21670/},
  author={Lodish, Harvey and Berk, Arnold and Zipursky, S Lawrence and Matsudaira, Paul and Baltimore, David and Darnell, James and others},
  year={2000},
  publisher={WH Freeman}
}

@article{brunzel2004fundamentals,
  title={Fundamentals of Urine and body fluid analysis},
  author={Brunzel, Nancy A},
  year={2004},
  publisher={Saunders Co.}
}

@inproceedings{olamaei2010mri,
  title={MRI visualization of a single 15 $\mu$m navigable imaging agent and future microrobot},
  author={Olamaei, N and Cheriet, F and Beaudoin, G and Martel, S},
  booktitle={Engineering in Medicine and Biology Society (EMBC), 2010 Annual International Conference of the IEEE},
  pages={4355--4358},
  year={2010},
  organization={IEEE}
}

@article{zaritsky1978chromosome,
  title={Chromosome replication rate and cell shape in Escherichia coli: lack of coupling.},
  author={Zaritsky, A and Woldringh, CONRAD L},
  journal={Journal of bacteriology},
  volume={135},
  number={2},
  pages={581--587},
  year={1978},
  publisher={Am Soc Microbiol}
}

@article{zabow2008micro,
  title={Micro-engineered local field control for high-sensitivity multispectral MRI},
  author={Zabow, Gary and Dodd, Stephen and Moreland, John and Koretsky, Alan},
  journal={Nature},
  volume={453},
  number={7198},
  pages={1058--1063},
  year={2008},
  publisher={Nature Publishing Group}
}


@article{zabow2009design,
  title={Design and fabrication of a micromachined multispectral magnetic resonance imaging agent},
  author={Zabow, G and Koretsky, AP and Moreland, J},
  journal={Journal of Micromechanics and Microengineering},
  volume={19},
  number={2},
  pages={025020},
  year={2009},
  publisher={IOP Publishing}
}